@ARTICLE{brandes:01,
    author = {Ulrik Brandes},
    title = {A Faster Algorithm for Betweenness Centrality},
    journal = {Journal of Mathematical Sociology},
    year = {2001},
    volume = {25},
    pages = {163--177}
}

@inproceedings{bader:06,
 author = {Bader, David A. and Madduri, Kamesh},
 title = {Parallel Algorithms for Evaluating Centrality Indices in Real-world Networks},
 booktitle = {Proceedings of the 2006 International Conference on Parallel Processing},
 series = {ICPP '06},
 year = {2006},
 isbn = {0-7695-2636-5},
 pages = {539--550},
 numpages = {12},
 url = {http://dx.doi.org/10.1109/ICPP.2006.57},
 doi = {10.1109/ICPP.2006.57},
 acmid = {1157604},
 publisher = {IEEE Computer Society},
 address = {Washington, DC, USA},
} 